@article{Rajani_2019,
  title =        {Explain Yourself! Leveraging Language Models for Commonsense
                  Reasoning},
  url =          {http://dx.doi.org/10.18653/v1/p19-1487},
  DOI =          {10.18653/v1/p19-1487},
  journal =      {Proceedings of the 57th Annual Meeting of the Association for
                  Computational Linguistics},
  publisher =    {Association for Computational Linguistics},
  author =       {Rajani, Nazneen Fatema and McCann, Bryan and Xiong, Caiming
                  and Socher, Richard},
  year =         2019
}

@article{conceptnet,
  author =       {Robyn Speer and Joshua Chin and Catherine Havasi},
  title =        {ConceptNet 5.5: An Open Multilingual Graph of General
                  Knowledge},
  journal =      {CoRR},
  volume =       {abs/1612.03975},
  year =         2016,
  url =          {http://arxiv.org/abs/1612.03975},
  archivePrefix ={arXiv},
  eprint =       {1612.03975},
  timestamp =    {Fri, 31 May 2019 11:59:52 +0200},
  biburl =       {https://dblp.org/rec/journals/corr/SpeerCH16.bib},
  bibsource =    {dblp computer science bibliography, https://dblp.org}
}

@inproceedings{levy2014linguistic,
  title =        {Linguistic regularities in sparse and explicit word
                  representations},
  author =       {Levy, Omer and Goldberg, Yoav},
  booktitle =    {Proceedings of the eighteenth conference on computational
                  natural language learning},
  pages =        {171--180},
  year =         2014
}

@article{mikolov2013distributed,
  author =       {Tomas Mikolov and Ilya Sutskever and Kai Chen and Greg Corrado
                  and Jeffrey Dean},
  title =        {Distributed Representations of Words and Phrases and their
                  Compositionality},
  journal =      {CoRR},
  volume =       {abs/1310.4546},
  year =         2013,
  url =          {http://arxiv.org/abs/1310.4546},
  archivePrefix ={arXiv},
  eprint =       {1310.4546},
  timestamp =    {Mon, 13 Aug 2018 16:47:09 +0200},
  biburl =       {https://dblp.org/rec/journals/corr/MikolovSCCD13.bib},
  bibsource =    {dblp computer science bibliography, https://dblp.org}
}

@article{mikolov2013efficient,
  title =        {Efficient estimation of word representations in vector space},
  author =       {Mikolov, Tomas and Chen, Kai and Corrado, Greg and Dean,
                  Jeffrey},
  journal =      {arXiv preprint arXiv:1301.3781},
  year =         2013
}

@inproceedings{mikolov2013linguistic,
  title =        {Linguistic regularities in continuous space word
                  representations},
  author =       {Mikolov, Tom{\'a}{\v{s}} and Yih, Wen-tau and Zweig, Geoffrey},
  booktitle =    {Proceedings of the 2013 conference of the north american
                  chapter of the association for computational linguistics:
                  Human language technologies},
  pages =        {746--751},
  year =         2013
}

@article{nayak2015learning,
  title =        {In learning hyperonyms over word embeddings},
  author =       {Nayak, Neha}
}

@article{numberBatch,
  author =       {Robyn Speer and Joanna Lowry{-}Duda},
  title =        {ConceptNet at SemEval-2017 Task 2: Extending Word Embeddings
                  with Multilingual Relational Knowledge},
  journal =      {CoRR},
  volume =       {abs/1704.03560},
  year =         2017,
  url =          {http://arxiv.org/abs/1704.03560},
  archivePrefix ={arXiv},
  eprint =       {1704.03560},
  timestamp =    {Fri, 31 May 2019 11:59:52 +0200},
  biburl =       {https://dblp.org/rec/journals/corr/SpeerL17.bib},
  bibsource =    {dblp computer science bibliography, https://dblp.org}
}

@inproceedings{pennington2014glove,
  title =        {Glove: Global vectors for word representation},
  author =       {Pennington, Jeffrey and Socher, Richard and Manning,
                  Christopher D},
  booktitle =    {Proceedings of the 2014 conference on empirical methods in
                  natural language processing (EMNLP)},
  pages =        {1532--1543},
  year =         2014
}

@article{retrofitting,
  author =       {Manaal Faruqui and Jesse Dodge and Sujay Kumar Jauhar and
                  Chris Dyer and Eduard H. Hovy and Noah A. Smith},
  title =        {Retrofitting Word Vectors to Semantic Lexicons},
  journal =      {CoRR},
  volume =       {abs/1411.4166},
  year =         2014,
  url =          {http://arxiv.org/abs/1411.4166},
  archivePrefix ={arXiv},
  eprint =       {1411.4166},
  timestamp =    {Mon, 13 Aug 2018 16:47:05 +0200},
  biburl =       {https://dblp.org/rec/journals/corr/FaruquiDJDHS14.bib},
  bibsource =    {dblp computer science bibliography, https://dblp.org}
}

@incollection{transE,
  title =        {Translating Embeddings for Modeling Multi-relational Data},
  author =       {Bordes, Antoine and Usunier, Nicolas and Garcia-Duran, Alberto
                  and Weston, Jason and Yakhnenko, Oksana},
  booktitle =    {Advances in Neural Information Processing Systems 26},
  editor =       {C. J. C. Burges and L. Bottou and M. Welling and Z. Ghahramani
                  and K. Q. Weinberger},
  pages =        {2787--2795},
  year =         2013,
  publisher =    {Curran Associates, Inc.},
  url =
                  {http://papers.nips.cc/paper/5071-translating-embeddings-for-modeling-multi-relational-data.pdf}
}

@inproceedings{transH,
  added-at =     {2017-12-22T16:39:51.000+0100},
  author =       {Wang, Zhen and Zhang, Jianwen and Feng, Jianlin and Chen,
                  Zheng},
  biburl =
                  {https://www.bibsonomy.org/bibtex/2f804dd3cf387a3ef5aa99bffe7fd4e15/thoni},
  booktitle =    {AAAI},
  interhash =    {b11384e71b737e000e333b38b286152f},
  intrahash =    {f804dd3cf387a3ef5aa99bffe7fd4e15},
  keywords =     {knowledge graph embedding transh citedby:scholar:count:248
                  citedby:scholar:timestamp:2017-12-22},
  pages =        {1112--1119},
  timestamp =    {2017-12-22T16:39:51.000+0100},
  title =        {Knowledge Graph Embedding by Translating on Hyperplanes.},
  year =         2014
}

@article{whitaker2019,
  title =        {Characterizing the Impact of Geometric Properties of Word
                  Embeddings on Task Performance},
  DOI =          {10.18653/v1/w19-2002},
  journal =      {Proceedings of the 3rd Workshop on Evaluating Vector Space
                  Representations for},
  author =       {Whitaker, Brendan and Newman-Griffis, Denis and Haldar,
                  Aparajita and Ferhatosmanoglu, Hakan and Fosler-Lussier, Eric},
  year =         2019,
  month =        {Apr}
}
